@inproceedings{mi1,
    title={Support vector machines for multiple-instance learning},
    author={Andrews, Stuart and Tsochantaridis, Ioannis and Hofmann, Thomas},
    booktitle={Advances in neural information processing systems},
    pages={577--584},
    year={2003}
}

@inproceedings{ml1,
	title={A kernel method for multi-labelled classification},
	author={Elisseeff, Andr{\'e} and Weston, Jason},
	booktitle={Advances in neural information processing systems},
	pages={681--687},
	year={2002}
}

@article{ml_approaches,
  title={Multi-label classification: An overview},
  author={Tsoumakas, Grigorios and Katakis, Ioannis},
  journal={International Journal of Data Warehousing and Mining},
  volume={3},
  number={3},
  year={2006}
}

@article{miml1,
	title={Multi-instance multi-label learning},
	author={Zhou, Zhi-Hua and Zhang, Min-Ling and Huang, Sheng-Jun and Li, Yu-Feng},
	journal={Artificial Intelligence},
	volume={176},
	number={1},
	pages={2291--2320},
	year={2012},
	publisher={Elsevier}
}

@article{metrics,
	title={A literature survey on algorithms for multi-label learning},
	author={Sorower, Mohammad S},
	journal={Oregon State University, Corvallis},
	volume={18},
	year={2010}
}